@manual{anleitung,
  author = {TU Dortmund},
  title = {Versuchsanleitung V16},
  year = {2019},
  url = {https://moodle.tu-dortmund.de/pluginfile.php/864864/mod_resource/content/1/V16.pdf},
}
@book{povh,
  title = "Teilchen und Kerne",
  subtitle = "Eine Einf√ºhrung in die physikalischen Konzepte",
  author = "Povh, Bogdan and Rith, Klaus and Scholz, Christoph and Zetsche, Frank and Rodejohann, Werner",
  edition = "9",
  year = "2013",
  publisher = "Springer Spektrum",
}
@online{reflex_klystron,
  title = {Microwave Engineering Reflex Klystron},
  url = "http://www.tutorialspoint.com/microwave_engineering/microwave_engineering_reflex_klystron.htm",
  urldate = "2019-05-30",
}
