@manual{anleitung,
  author = {TU Dortmund},
  title = {Versuchsanleitung V48},
  year = {2019},
  url = {https://moodle.tu-dortmund.de/},
}
@article{muccillo,
  author = {Muccillo, R. and Rolfe, J.},
  title = {Effect of Irradiation on Impurity-Vacancy Dipoles in $\ce{K Br}$ Crystalls Doped with Strontium},
  journal = {phisica status solidi},
  volume = {61},
  pages = {579--587},
  year = {1974}
}
@online{polarisation,
  author = {H. FÃ¶ll},
  title = {Polarisationsmechanismen},
  url = {https://www.tf.uni-kiel.de/matwis/amat/mw_for_et/kap_6/backbone/r6_3_3.html},
  urldate = {2020-02-01}
}