@manual{anleitung,
  author = {TU Dortmund},
  title = {Versuchsanleitung V47},
  year = {2019},
  url = {https://moodle.tu-dortmund.de/},
}
@book{gross,
  title = {Festk√∂rperphysik},
  author = "Gross, Rudolf and Marx, Achim",
  edition = "3",
  year = "2018",
  publisher = "De Gruyter Berlin Boston",
}
@online{kupfer-mol,
  url = {https://www.ciaaw.org/atomic-weights.htm},
  date = {2019-12-12},
  title = {Standarsd Atomic Weights}
}
@online{kupfer-kappa,
  url = {http://www.periodensystem-online.de/index.php?show=list&id=modify&prop=Kompressionsmodul&sel=oz&el=68},
  date = {2019-12-12},
  title = {Das Periodensystem online},
}
@online{debye-copper,
  url = {http://www.knowledgedoor.com/2/elements_handbook/debye_temperature.html},
  date = {2019-12-13},
  title = {Debye-Temperature},
}
