@manual{anleitung,
  author = {TU Dortmund},
  title = {Versuchsanleitung V64},
  year = {2019},
  url = {https://moodle.tu-dortmund.de/},
}
@online{brechluft,
  url = {https://emtoolbox.nist.gov/Wavelength/Ciddor.asp},
  title = {Engineering Metrology Toolbox},
  date = {2020-01-27},
  author = {NIST}
}
@book{hecht,
  title = {Optik},
  author = {Hecht, Eugene},
  edition = {7},
  year = {2018},
  publisher = {De Gruyter}
  }
