@manual{anleitung,
  author = {TU Dortmund},
  title = {Versuchsanleitung V21},
  year = {2019},
  url = {https://moodle.tu-dortmund.de/},
}
@manual{anleitungAlt,
  author = {TU Dortmund},
  title = {Versuchsanleitung V21},
  year = {2019},
  url = {http://129.217.224.2/HOMEPAGE/PHYSIKER/BACHELOR/FP/V21.pdf},
}
@online{erdmagnetfeld,
  author = {GFZ Helmholtz Center Potsdam},
  title = {ISCD: IGRF Declination Calculator},
  date = {2019-11-14},
  url = {http://isdc.gfz-potsdam.de/igrf-declination-calculator/},
}
@manual{opticalpumping,
  author = {Black, Eric D.},
  title = {Optical Pumping},
  url = {https://www.phas.ubc.ca/~phys409/manuals/Optical_Pumping-CalTech.pdf},
  date = {2019-11-14},
}
