@manual{anleitung,
  author = {TU Dortmund},
  title = {Versuchsanleitung V46},
  year = {2019},
  url = {https://moodle.tu-dortmund.de/},
}
@online{gaasn,
  author = {ChemicalBook},
  title = {Galliumarsenid},
  url = {https://www.chemicalbook.com/ChemicalProductProperty_DE_CB7249244.htm},
  date = {2019-11-21}
}
@online{gaasmeff,
  author = {Ioffe},
  title = {Basic Parameters of Gallium Arsenide (GaAs)},
  url = {http://www.ioffe.ru/SVA/NSM/Semicond/GaAs/basic.html},
  date = {2019-11-21}
}
@online{constants,
  author = {SciPy},
  title = {Constants (scipy.constants) - SciPy v1.3.2 Refernece Guide},
  url = {https://docs.scipy.org/doc/scipy/reference/constants.html},
  date = {2019-11-21}
}
@book{demtroeder,
  author = {Demtr√∂der, W.},
  title = {Experimentalphysik 3},
  subtitle = {14. Halbleiter},
  year = {2010},
  publisher = {Springer-Verlag Berlin}
}
@book{heintze,
  author = {Heintze, J. and Bock, P.},
  title = {Lehrbuch zur Experimentalphysik Band 4:},
  subtitle = {Wellen und Optik},
  year = {2017},
  publisher = {Springer-Verlag GmbH Deutschland}
}
