@manual{anleitung,
  author = {TU Dortmund},
  title = {Versuchsanleitung V16},
  year = {2019},
  url = {https://moodle.tu-dortmund.de/pluginfile.php/864864/mod_resource/content/1/V16.pdf},
}
@book{povh,
  title = "Teilchen und Kerne",
  subtitle = "Eine Einf√ºhrung in die physikalischen Konzepte",
  author = "Povh, Bogdan and Rith, Klaus and Scholz, Christoph and Zetsche, Frank and Rodejohann, Werner",
  edition = "9",
  year = "2013",
  publisher = "Springer Spektrum",
}
@online{zerfall,
  author = "IAEA Nuclear Data Section",
  urldate = "2019-05-11",
}
@online{drehschieberpumpe,
  url = "https://www.spektrum.de/lexikon/physik/drehschieberpumpe/3351",
  urldate = "2019-05-11",
}
@online{HeKern,
  title = "Alpha Particle",
  urldate = "2019-06-15",
  url = "https://en.wikipedia.org/wiki/Alpha_particle",
}
@online{Eohne,
  title = "Energie und Reichweite von Strahlung",
  url = "https://www.uni-potsdam.de/u/phys_gprakt/html/projekte/kernstrahlung/kernstrahlung_20.pdf",
  urldate = "2019-06-15"
}
@online{consts,
  title ="Constants (scipy.constants)",
  url = "https://docs.scipy.org/doc/scipy/reference/constants.html",
  urldate = "2019-06-15"
}
@online{activity,
  title = "Das Periodensystem der Elemente online",
  url = "http://www.periodensystem-online.de/index.php?id=isotope&el=95&mz=241&nrg=0&show=nuklid&sel=",
  urldate = "2019-06-16"
}
@online{streu,
  title = "Rutherford Streuung",
  url = "http://www.semibyte.de/wp/download/physics/versuchsprotokolle/f-praktikum-protokolle/311-rutherford-streuung.pdf",
  urldate = "2019-06-16"
}
@online{druckdichteabh,
    title = {Wechselwirkung solarer energiereicher Teilchen mit der Atmosph\"are},
    author = {Manuel Quack},
    date = {2019-07-16},
    url = {https://core.ac.uk/download/pdf/39720756.pdf},
}
