@manual{anleitung,
  author = {TU Dortmund},
  title = {Versuchsanleitung V53},
  year = {2019},
  url = {https://moodle.tu-dortmund.de/pluginfile.php/862634/mod_resource/content/1/V61.pdf},
}
@book{demtroeder,
  title = "Laserspektroskopie 1",
  subtitle = "Grundlagen",
  author = "Demtröder, Wolfgang",
  edition = "6",
  year = "2011",
  publisher = "Springer Spektrum",
}
@book{eichler,
  title = {Laser},
  subtitle= {Bauformen, Strahlführung, Anwendungen},
  author = "Eichler, Hans Joachim and Eichler, Jürgen",
  edition = "8",
  year = "2015",
  publisher = "Springer Spektrum",
}
@online{gitter,
  url = {https://www.leifiphysik.de/optik/beugung-und-interferenz/vielfachspalt-und-gitter},
  title = {Vielfachspalt und Gitter | LEIFI Physik},
  date = {2019-06-15},
}
@online{tem,
    url = {https://en.wikipedia.org/wiki/Transverse_mode#Laser_modes},
    title = {Transverse mode},
    date = {2019-06-15},
}
