@manual{sample,
  author = {TU Dortmund},
  title = {Versuch zum Literaturverzeichnis},
  year = 2014
}

@online{SpeedOfSound,
    url = {http://hyperphysics.phy-astr.gsu.edu/hbase/Tables/Soundv.html},
    urldate = "2019-04-21",
}
@online{orbitale,
  url = {http://www.tomchemie.de/wbb2/thread.php?postid=37998},
  urldate = "2019-04-28"
}
