@manual{anleitung,
  author = {TU Dortmund},
  title = {Versuchsanleitung V53},
  year = {2019},
  url = {https://moodle.tu-dortmund.de/pluginfile.php/862617/mod_resource/content/2/V14_V1.pdf},
}
@book{demtroeder,
  title = "Laserspektroskopie 1",
  subtitle = "Grundlagen",
  author = "Demtröder, Wolfgang",
  edition = "6",
  year = "2011",
  publisher = "Springer Spektrum",
}
@book{eichler,
  title = {Laser},
  subtitle= {Bauformen, Strahlführung, Anwendungen},
  author = "Eichler, Hans Joachim and Eichler, Jürgen",
  edition = "8",
  year = "2015",
  publisher = "Springer Spektrum",
}
@online{c60,
  url = {https://www.gammaspectacular.com/blue/Co-60-gamma-spectrum},
  title = {Co 60 Gamma spectrum},
  date = {2019-07-07},
}
@online{cs137,
  url = {https://www.gammaspectacular.com/blue/cs137-spectrum},
  title = {Cs 137 Gamma spectrum (137Cs)},
  date = {2019-07-07},
}
@online{alu-dichte,
    url = {https://contractorquotes.us/density-of-aluminum/},
    title = {Density of Aluminium: $\si{\gram\per\cubic\milli\meter}$ \& $\si{\kilo\gram\per\cubic\milli\meter}$, Calculator},
    date = {2019-07-14},
}
@online{absch-lit,
    url = {https://physics.nist.gov/PhysRefData/Xcom/html/xcom1.html},
    title = {NIST XCOM: Element/Compound/Mixture},
    date = {2019-07-14},
    author = {NIST Physical Meas. Laboratory},
}
@online{fe-lit,
    url = {https://www.chemie.de/lexikon/Eisen.html},
    title = {Eisen},
    date = {2019-07-14},
}
@online{pb-lit,
    url = {https://www.chemie.de/lexikon/Blei.html},
    title = {Blei},
    date = {2019-07-14},
}
@online{messing-lit,
    url = {https://www.kupferinstitut.de/fileadmin/user_upload/kupferinstitut.de/de/Documents/Shop/Verlag/Downloads/Werkstoffe/Datenblaetter/Messing/CuZn37.pdf},
    title = {DKI Werkstoff-Datenbl\"atter - CuZn37.pdf},
    date = {2019-07-14},
}
